@webpage{microbots,
	author = {Prof. Peer Fischer, Ph.D.},
	title = {Tiny vehicles for medical applications},
	institution = {Max-Planck-Gesellshaft},
	url = {https://www.mpg.de/8741521/micro-robots-medical-application},
	date = {2014},
	month = {11},
	day = {7},
	urldate = {2016-05-25}                                                                                                                                                                                           
}

@webpage{deepLearning,
	author = { 
		Claire Lifan Chen,
		Ata Mahjoubfar
		Li-Chia Tai, 
		Ian K. Blaby,
		Allen Huang,
		Kayvan Reza Niazi,
		Bahram Jalali },
	title = {Deep Learning in Label-free Cell Classification},
	url = {http://www.nature.com/articles/srep21471},
	urldate = {2016-05-25}
	}